<?xml version="1.0" encoding="UTF-8"?><collection xmlns="http://www.loc.gov/MARC21/slim"><record><leader>00387nam--2200145-i-4500</leader><controlfield tag="001">000032033</controlfield><controlfield tag="002">20161230</controlfield><controlfield tag="005">20161230201039</controlfield><controlfield tag="008">060222s1000------------r-----000-0-eng-d</controlfield><datafield ind1=" " ind2=" " tag="080"><subfield code="a">333</subfield></datafield><datafield ind1=" " ind2=" " tag="100"><subfield code="a">Messel, H</subfield></datafield><datafield ind1=" " ind2=" " tag="245"><subfield code="a">On the theory of nucleon cascade</subfield></datafield><datafield ind1=" " ind2=" " tag="260"><subfield code="a">Dublin, Ins. For Advanced Stuies, 1951. Iii + 103p</subfield></datafield><datafield ind1=" " ind2=" " tag="490"><subfield code="a">Sgribhini Inst. Dublin, Series A.No.7</subfield></datafield><datafield ind1=" " ind2=" " tag="852"><subfield code="a">12991</subfield></datafield></record></collection>